%YAML 1.1
%TAG !u! tag:unity3d.com,2011:
--- !u!29 &1
SceneSettings:
  m_ObjectHideFlags: 0
  m_PVSData: 
  m_PVSObjectsArray: []
  m_PVSPortalsArray: []
  m_OcclusionBakeSettings:
    smallestOccluder: 5
    smallestHole: .25
    backfaceThreshold: 100
--- !u!104 &2
RenderSettings:
  m_Fog: 0
  m_FogColor: {r: .5, g: .5, b: .5, a: 1}
  m_FogMode: 3
  m_FogDensity: .00999999978
  m_LinearFogStart: 0
  m_LinearFogEnd: 300
  m_AmbientLight: {r: .200000003, g: .200000003, b: .200000003, a: 1}
  m_SkyboxMaterial: {fileID: 0}
  m_HaloStrength: .5
  m_FlareStrength: 1
  m_FlareFadeSpeed: 3
  m_HaloTexture: {fileID: 0}
  m_SpotCookie: {fileID: 0}
  m_ObjectHideFlags: 0
--- !u!127 &3
LevelGameManager:
  m_ObjectHideFlags: 0
--- !u!157 &4
LightmapSettings:
  m_ObjectHideFlags: 0
  m_LightProbes: {fileID: 0}
  m_Lightmaps: []
  m_LightmapsMode: 1
  m_BakedColorSpace: 0
  m_UseDualLightmapsInForward: 0
  m_LightmapEditorSettings:
    m_Resolution: 50
    m_LastUsedResolution: 0
    m_TextureWidth: 1024
    m_TextureHeight: 1024
    m_BounceBoost: 1
    m_BounceIntensity: 1
    m_SkyLightColor: {r: .860000014, g: .930000007, b: 1, a: 1}
    m_SkyLightIntensity: 0
    m_Quality: 0
    m_Bounces: 1
    m_FinalGatherRays: 1000
    m_FinalGatherContrastThreshold: .0500000007
    m_FinalGatherGradientThreshold: 0
    m_FinalGatherInterpolationPoints: 15
    m_AOAmount: 0
    m_AOMaxDistance: .100000001
    m_AOContrast: 1
    m_LODSurfaceMappingDistance: 1
    m_Padding: 0
    m_TextureCompression: 0
    m_LockAtlas: 0
--- !u!196 &5
NavMeshSettings:
  m_ObjectHideFlags: 0
  m_BuildSettings:
    agentRadius: .5
    agentHeight: 2
    agentSlope: 45
    agentClimb: .400000006
    ledgeDropHeight: 0
    maxJumpAcrossDistance: 0
    accuratePlacement: 0
    minRegionArea: 2
    widthInaccuracy: 16.666666
    heightInaccuracy: 10
  m_NavMesh: {fileID: 0}
--- !u!1 &12541092
GameObject:
  m_ObjectHideFlags: 0
  m_PrefabParentObject: {fileID: 100002, guid: 9942a2f7fd3e7b947bb6d3f1dfed4d00, type: 3}
  m_PrefabInternal: {fileID: 1061676523}
  serializedVersion: 4
  m_Component:
  - 4: {fileID: 12541093}
  - 95: {fileID: 12541094}
  m_Layer: 0
  m_Name: level
  m_TagString: Untagged
  m_Icon: {fileID: 0}
  m_NavMeshLayer: 0
  m_StaticEditorFlags: 0
  m_IsActive: 1
--- !u!4 &12541093
Transform:
  m_ObjectHideFlags: 0
  m_PrefabParentObject: {fileID: 400002, guid: 9942a2f7fd3e7b947bb6d3f1dfed4d00, type: 3}
  m_PrefabInternal: {fileID: 1061676523}
  m_GameObject: {fileID: 12541092}
  m_LocalRotation: {x: 0, y: 0, z: 0, w: 1}
  m_LocalPosition: {x: 0, y: 0, z: 0}
  m_LocalScale: {x: 2236.26733, y: 1511.46484, z: 2768.24292}
  m_Children:
  - {fileID: 1034786189}
  - {fileID: 565838112}
  - {fileID: 548201737}
  - {fileID: 549729351}
  - {fileID: 1374663393}
  m_Father: {fileID: 0}
--- !u!95 &12541094
Animator:
  serializedVersion: 2
  m_ObjectHideFlags: 0
  m_PrefabParentObject: {fileID: 9500000, guid: 9942a2f7fd3e7b947bb6d3f1dfed4d00,
    type: 3}
  m_PrefabInternal: {fileID: 1061676523}
  m_GameObject: {fileID: 12541092}
  m_Enabled: 1
  m_Avatar: {fileID: 9000000, guid: 9942a2f7fd3e7b947bb6d3f1dfed4d00, type: 3}
  m_Controller: {fileID: 0}
  m_CullingMode: 0
  m_ApplyRootMotion: 1
  m_AnimatePhysics: 0
  m_HasTransformHierarchy: 1
--- !u!1 &179739363
GameObject:
  m_ObjectHideFlags: 0
  m_PrefabParentObject: {fileID: 0}
  m_PrefabInternal: {fileID: 0}
  serializedVersion: 4
  m_Component:
  - 4: {fileID: 179739367}
  - 33: {fileID: 179739366}
  - 65: {fileID: 179739365}
  - 23: {fileID: 179739364}
  m_Layer: 8
  m_Name: Cube
  m_TagString: Cube
  m_Icon: {fileID: 0}
  m_NavMeshLayer: 0
  m_StaticEditorFlags: 0
  m_IsActive: 1
--- !u!23 &179739364
Renderer:
  m_ObjectHideFlags: 0
  m_PrefabParentObject: {fileID: 0}
  m_PrefabInternal: {fileID: 0}
  m_GameObject: {fileID: 179739363}
  m_Enabled: 1
  m_CastShadows: 1
  m_ReceiveShadows: 1
  m_LightmapIndex: 255
  m_LightmapTilingOffset: {x: 1, y: 1, z: 0, w: 0}
  m_Materials:
  - {fileID: 2100000, guid: dd35478b188bee1448fc41ed481765cb, type: 2}
  m_SubsetIndices: 
  m_StaticBatchRoot: {fileID: 0}
  m_UseLightProbes: 0
  m_LightProbeAnchor: {fileID: 0}
  m_ScaleInLightmap: 1
  m_SortingLayer: 0
  m_SortingOrder: 0
  m_SortingLayerID: 0
--- !u!65 &179739365
BoxCollider:
  m_ObjectHideFlags: 0
  m_PrefabParentObject: {fileID: 0}
  m_PrefabInternal: {fileID: 0}
  m_GameObject: {fileID: 179739363}
  m_Material: {fileID: 0}
  m_IsTrigger: 0
  m_Enabled: 1
  serializedVersion: 2
  m_Size: {x: 1, y: 1, z: 1}
  m_Center: {x: 0, y: 0, z: 0}
--- !u!33 &179739366
MeshFilter:
  m_ObjectHideFlags: 0
  m_PrefabParentObject: {fileID: 0}
  m_PrefabInternal: {fileID: 0}
  m_GameObject: {fileID: 179739363}
  m_Mesh: {fileID: 10202, guid: 0000000000000000e000000000000000, type: 0}
--- !u!4 &179739367
Transform:
  m_ObjectHideFlags: 0
  m_PrefabParentObject: {fileID: 0}
  m_PrefabInternal: {fileID: 0}
  m_GameObject: {fileID: 179739363}
  m_LocalRotation: {x: 0, y: 0, z: 0, w: 1}
  m_LocalPosition: {x: 5.07339382, y: 1.56563425, z: 54.9903564}
  m_LocalScale: {x: 1, y: 1, z: 1}
  m_Children: []
  m_Father: {fileID: 0}
--- !u!1 &410582154
GameObject:
  m_ObjectHideFlags: 0
  m_PrefabParentObject: {fileID: 0}
  m_PrefabInternal: {fileID: 0}
  serializedVersion: 4
  m_Component:
  - 4: {fileID: 410582155}
  - 33: {fileID: 410582158}
  - 135: {fileID: 410582157}
  - 23: {fileID: 410582156}
  m_Layer: 0
  m_Name: Sphere
  m_TagString: Untagged
  m_Icon: {fileID: 0}
  m_NavMeshLayer: 0
  m_StaticEditorFlags: 0
  m_IsActive: 1
--- !u!4 &410582155
Transform:
  m_ObjectHideFlags: 0
  m_PrefabParentObject: {fileID: 0}
  m_PrefabInternal: {fileID: 0}
  m_GameObject: {fileID: 410582154}
  m_LocalRotation: {x: 0, y: 0, z: 0, w: 1}
  m_LocalPosition: {x: 0, y: 0, z: .0720672607}
  m_LocalScale: {x: 1, y: 1, z: 1}
  m_Children: []
  m_Father: {fileID: 507835631}
--- !u!23 &410582156
Renderer:
  m_ObjectHideFlags: 0
  m_PrefabParentObject: {fileID: 0}
  m_PrefabInternal: {fileID: 0}
  m_GameObject: {fileID: 410582154}
  m_Enabled: 1
  m_CastShadows: 1
  m_ReceiveShadows: 1
  m_LightmapIndex: 255
  m_LightmapTilingOffset: {x: 1, y: 1, z: 0, w: 0}
  m_Materials:
  - {fileID: 2100000, guid: 41fb901d734ee5e41af73a2ae5fe7f13, type: 2}
  m_SubsetIndices: 
  m_StaticBatchRoot: {fileID: 0}
  m_UseLightProbes: 0
  m_LightProbeAnchor: {fileID: 0}
  m_ScaleInLightmap: 1
  m_SortingLayer: 0
  m_SortingOrder: 0
  m_SortingLayerID: 0
--- !u!135 &410582157
SphereCollider:
  m_ObjectHideFlags: 0
  m_PrefabParentObject: {fileID: 0}
  m_PrefabInternal: {fileID: 0}
  m_GameObject: {fileID: 410582154}
  m_Material: {fileID: 0}
  m_IsTrigger: 0
  m_Enabled: 1
  serializedVersion: 2
  m_Radius: .5
  m_Center: {x: 0, y: 0, z: 0}
--- !u!33 &410582158
MeshFilter:
  m_ObjectHideFlags: 0
  m_PrefabParentObject: {fileID: 0}
  m_PrefabInternal: {fileID: 0}
  m_GameObject: {fileID: 410582154}
  m_Mesh: {fileID: 10207, guid: 0000000000000000e000000000000000, type: 0}
--- !u!1 &507835629
GameObject:
  m_ObjectHideFlags: 0
  m_PrefabParentObject: {fileID: 0}
  m_PrefabInternal: {fileID: 0}
  serializedVersion: 4
  m_Component:
  - 4: {fileID: 507835631}
  - 108: {fileID: 507835630}
  m_Layer: 0
  m_Name: Entrance light
  m_TagString: Untagged
  m_Icon: {fileID: 0}
  m_NavMeshLayer: 0
  m_StaticEditorFlags: 0
  m_IsActive: 1
--- !u!108 &507835630
Light:
  m_ObjectHideFlags: 0
  m_PrefabParentObject: {fileID: 0}
  m_PrefabInternal: {fileID: 0}
  m_GameObject: {fileID: 507835629}
  m_Enabled: 1
  serializedVersion: 3
  m_Type: 2
  m_Color: {r: .867647052, g: .459342569, b: .459342569, a: 1}
  m_Intensity: 2.79999995
  m_Range: 15.2730179
  m_SpotAngle: 30
  m_CookieSize: 10
  m_Shadows:
    m_Type: 0
    m_Resolution: -1
    m_Strength: 1
    m_Bias: .0500000007
    m_Softness: 4
    m_SoftnessFade: 1
  m_Cookie: {fileID: 0}
  m_DrawHalo: 1
  m_ActuallyLightmapped: 0
  m_Flare: {fileID: 0}
  m_RenderMode: 0
  m_CullingMask:
    serializedVersion: 2
    m_Bits: 4294967295
  m_Lightmapping: 1
  m_ShadowSamples: 1
  m_ShadowRadius: 0
  m_ShadowAngle: 0
  m_IndirectIntensity: 1
  m_AreaSize: {x: 1, y: 1}
--- !u!4 &507835631
Transform:
  m_ObjectHideFlags: 0
  m_PrefabParentObject: {fileID: 0}
  m_PrefabInternal: {fileID: 0}
  m_GameObject: {fileID: 507835629}
  m_LocalRotation: {x: 0, y: 0, z: 0, w: 1}
  m_LocalPosition: {x: 0, y: 6.07085419, z: 56.2153091}
  m_LocalScale: {x: 1, y: 1, z: 1}
  m_Children:
  - {fileID: 410582155}
  m_Father: {fileID: 0}
--- !u!1 &527290268
GameObject:
  m_ObjectHideFlags: 0
  m_PrefabParentObject: {fileID: 0}
  m_PrefabInternal: {fileID: 0}
  serializedVersion: 4
  m_Component:
  - 4: {fileID: 527290269}
  - 20: {fileID: 527290273}
  - 124: {fileID: 527290272}
  - 92: {fileID: 527290271}
  - 81: {fileID: 527290270}
  - 114: {fileID: 527290276}
  - 114: {fileID: 527290274}
  - 114: {fileID: 527290275}
  m_Layer: 0
  m_Name: Camera
  m_TagString: Camera
  m_Icon: {fileID: 0}
  m_NavMeshLayer: 0
  m_StaticEditorFlags: 0
  m_IsActive: 1
--- !u!4 &527290269
Transform:
  m_ObjectHideFlags: 0
  m_PrefabParentObject: {fileID: 0}
  m_PrefabInternal: {fileID: 0}
  m_GameObject: {fileID: 527290268}
  m_LocalRotation: {x: 0, y: 0, z: 0, w: 1}
  m_LocalPosition: {x: 0, y: .600000024, z: 0}
  m_LocalScale: {x: 1, y: 1, z: 1}
  m_Children:
  - {fileID: 1977239175}
  m_Father: {fileID: 825804739}
--- !u!81 &527290270
AudioListener:
  m_ObjectHideFlags: 0
  m_PrefabParentObject: {fileID: 0}
  m_PrefabInternal: {fileID: 0}
  m_GameObject: {fileID: 527290268}
  m_Enabled: 1
--- !u!92 &527290271
Behaviour:
  m_ObjectHideFlags: 0
  m_PrefabParentObject: {fileID: 0}
  m_PrefabInternal: {fileID: 0}
  m_GameObject: {fileID: 527290268}
  m_Enabled: 1
--- !u!124 &527290272
Behaviour:
  m_ObjectHideFlags: 0
  m_PrefabParentObject: {fileID: 0}
  m_PrefabInternal: {fileID: 0}
  m_GameObject: {fileID: 527290268}
  m_Enabled: 1
--- !u!20 &527290273
Camera:
  m_ObjectHideFlags: 0
  m_PrefabParentObject: {fileID: 0}
  m_PrefabInternal: {fileID: 0}
  m_GameObject: {fileID: 527290268}
  m_Enabled: 1
  serializedVersion: 2
  m_ClearFlags: 1
  m_BackGroundColor: {r: .192156866, g: .301960796, b: .474509805, a: .0196078438}
  m_NormalizedViewPortRect:
    serializedVersion: 2
    x: 0
    y: 0
    width: 1
    height: 1
  near clip plane: .300000012
  far clip plane: 1000
  field of view: 60
  orthographic: 0
  orthographic size: 5
  m_Depth: 0
  m_CullingMask:
    serializedVersion: 2
    m_Bits: 4294967295
  m_RenderingPath: -1
  m_TargetTexture: {fileID: 0}
  m_HDR: 0
  m_OcclusionCulling: 1
--- !u!114 &527290274
MonoBehaviour:
  m_ObjectHideFlags: 0
  m_PrefabParentObject: {fileID: 0}
  m_PrefabInternal: {fileID: 0}
  m_GameObject: {fileID: 527290268}
  m_Enabled: 1
  m_EditorHideFlags: 0
  m_Script: {fileID: 11500000, guid: c26bb8bed014cb6419401d0034f7d05b, type: 3}
  m_Name: 
  m_EditorClassIdentifier: 
--- !u!114 &527290275
MonoBehaviour:
  m_ObjectHideFlags: 0
  m_PrefabParentObject: {fileID: 0}
  m_PrefabInternal: {fileID: 0}
  m_GameObject: {fileID: 527290268}
  m_Enabled: 1
  m_EditorHideFlags: 0
  m_Script: {fileID: 11500000, guid: 250b3a622029e564b800fca0af0c8cd1, type: 3}
  m_Name: 
  m_EditorClassIdentifier: 
  rblurShader: {fileID: 4800000, guid: 72598cf322d580a40b2fc7015a1495c8, type: 3}
  distShader: {fileID: 4800000, guid: 9252002bf7778ba448161a2217f7fbbb, type: 3}
  mirShader: {fileID: 4800000, guid: d38f946c5e2318145bc9f00178f47f59, type: 3}
  blendShader: {fileID: 4800000, guid: b04960b4ee547da42a0faea34695769b, type: 3}
  distamount: 10
--- !u!114 &527290276
MonoBehaviour:
  m_ObjectHideFlags: 0
  m_PrefabParentObject: {fileID: 0}
  m_PrefabInternal: {fileID: 0}
  m_GameObject: {fileID: 527290268}
  m_Enabled: 1
  m_EditorHideFlags: 0
  m_Script: {fileID: 11500000, guid: 64fc13eb7da0c664da77b61f1a59a55d, type: 3}
  m_Name: 
  m_EditorClassIdentifier: 
--- !u!1 &548201736
GameObject:
  m_ObjectHideFlags: 0
  m_PrefabParentObject: {fileID: 100006, guid: 9942a2f7fd3e7b947bb6d3f1dfed4d00, type: 3}
  m_PrefabInternal: {fileID: 1061676523}
  serializedVersion: 4
  m_Component:
  - 4: {fileID: 548201737}
  - 33: {fileID: 548201740}
  - 23: {fileID: 548201739}
  - 64: {fileID: 548201738}
  m_Layer: 0
  m_Name: Line006
  m_TagString: Wall
  m_Icon: {fileID: 0}
  m_NavMeshLayer: 0
  m_StaticEditorFlags: 0
  m_IsActive: 1
--- !u!4 &548201737
Transform:
  m_ObjectHideFlags: 0
  m_PrefabParentObject: {fileID: 400006, guid: 9942a2f7fd3e7b947bb6d3f1dfed4d00, type: 3}
  m_PrefabInternal: {fileID: 1061676523}
  m_GameObject: {fileID: 548201736}
  m_LocalRotation: {x: -.707106829, y: -1.51114075e-32, z: 1.51114075e-32, w: .707106829}
  m_LocalPosition: {x: -.000119999997, y: .00207382371, z: .0180964489}
  m_LocalScale: {x: .0253999997, y: .0253999997, z: .0253999997}
  m_Children: []
  m_Father: {fileID: 12541093}
--- !u!64 &548201738
MeshCollider:
  m_ObjectHideFlags: 0
  m_PrefabParentObject: {fileID: 6400004, guid: 9942a2f7fd3e7b947bb6d3f1dfed4d00,
    type: 3}
  m_PrefabInternal: {fileID: 1061676523}
  m_GameObject: {fileID: 548201736}
  m_Material: {fileID: 0}
  m_IsTrigger: 0
  m_Enabled: 1
  serializedVersion: 2
  m_SmoothSphereCollisions: 0
  m_Convex: 0
  m_Mesh: {fileID: 4300004, guid: 9942a2f7fd3e7b947bb6d3f1dfed4d00, type: 3}
--- !u!23 &548201739
Renderer:
  m_ObjectHideFlags: 0
  m_PrefabParentObject: {fileID: 2300004, guid: 9942a2f7fd3e7b947bb6d3f1dfed4d00,
    type: 3}
  m_PrefabInternal: {fileID: 1061676523}
  m_GameObject: {fileID: 548201736}
  m_Enabled: 1
  m_CastShadows: 1
  m_ReceiveShadows: 1
  m_LightmapIndex: 255
  m_LightmapTilingOffset: {x: 1, y: 1, z: 0, w: 0}
  m_Materials:
  - {fileID: 2100000, guid: ecf97c777be3af244b40e9e55c06001f, type: 2}
  m_SubsetIndices: 
  m_StaticBatchRoot: {fileID: 0}
  m_UseLightProbes: 0
  m_LightProbeAnchor: {fileID: 0}
  m_ScaleInLightmap: 1
  m_SortingLayer: 0
  m_SortingOrder: 0
  m_SortingLayerID: 0
--- !u!33 &548201740
MeshFilter:
  m_ObjectHideFlags: 0
  m_PrefabParentObject: {fileID: 3300004, guid: 9942a2f7fd3e7b947bb6d3f1dfed4d00,
    type: 3}
  m_PrefabInternal: {fileID: 1061676523}
  m_GameObject: {fileID: 548201736}
  m_Mesh: {fileID: 4300004, guid: 9942a2f7fd3e7b947bb6d3f1dfed4d00, type: 3}
--- !u!1 &549729350
GameObject:
  m_ObjectHideFlags: 0
  m_PrefabParentObject: {fileID: 100008, guid: 9942a2f7fd3e7b947bb6d3f1dfed4d00, type: 3}
  m_PrefabInternal: {fileID: 1061676523}
  serializedVersion: 4
  m_Component:
  - 4: {fileID: 549729351}
  - 33: {fileID: 549729354}
  - 23: {fileID: 549729353}
  - 64: {fileID: 549729352}
  m_Layer: 0
  m_Name: Line007
  m_TagString: Wall
  m_Icon: {fileID: 0}
  m_NavMeshLayer: 0
  m_StaticEditorFlags: 0
  m_IsActive: 1
--- !u!4 &549729351
Transform:
  m_ObjectHideFlags: 0
  m_PrefabParentObject: {fileID: 400008, guid: 9942a2f7fd3e7b947bb6d3f1dfed4d00, type: 3}
  m_PrefabInternal: {fileID: 1061676523}
  m_GameObject: {fileID: 549729350}
  m_LocalRotation: {x: -.707106829, y: 0, z: -0, w: .707106829}
  m_LocalPosition: {x: .000579927, y: .00207000016, z: -.0226352084}
  m_LocalScale: {x: .0253999997, y: .0253999997, z: .0253999997}
  m_Children: []
  m_Father: {fileID: 12541093}
--- !u!64 &549729352
MeshCollider:
  m_ObjectHideFlags: 0
  m_PrefabParentObject: {fileID: 6400006, guid: 9942a2f7fd3e7b947bb6d3f1dfed4d00,
    type: 3}
  m_PrefabInternal: {fileID: 1061676523}
  m_GameObject: {fileID: 549729350}
  m_Material: {fileID: 0}
  m_IsTrigger: 0
  m_Enabled: 1
  serializedVersion: 2
  m_SmoothSphereCollisions: 0
  m_Convex: 0
  m_Mesh: {fileID: 4300006, guid: 9942a2f7fd3e7b947bb6d3f1dfed4d00, type: 3}
--- !u!23 &549729353
Renderer:
  m_ObjectHideFlags: 0
  m_PrefabParentObject: {fileID: 2300006, guid: 9942a2f7fd3e7b947bb6d3f1dfed4d00,
    type: 3}
  m_PrefabInternal: {fileID: 1061676523}
  m_GameObject: {fileID: 549729350}
  m_Enabled: 1
  m_CastShadows: 1
  m_ReceiveShadows: 1
  m_LightmapIndex: 255
  m_LightmapTilingOffset: {x: 1, y: 1, z: 0, w: 0}
  m_Materials:
  - {fileID: 2100000, guid: ecf97c777be3af244b40e9e55c06001f, type: 2}
  m_SubsetIndices: 
  m_StaticBatchRoot: {fileID: 0}
  m_UseLightProbes: 0
  m_LightProbeAnchor: {fileID: 0}
  m_ScaleInLightmap: 1
  m_SortingLayer: 0
  m_SortingOrder: 0
  m_SortingLayerID: 0
--- !u!33 &549729354
MeshFilter:
  m_ObjectHideFlags: 0
  m_PrefabParentObject: {fileID: 3300006, guid: 9942a2f7fd3e7b947bb6d3f1dfed4d00,
    type: 3}
  m_PrefabInternal: {fileID: 1061676523}
  m_GameObject: {fileID: 549729350}
  m_Mesh: {fileID: 4300006, guid: 9942a2f7fd3e7b947bb6d3f1dfed4d00, type: 3}
--- !u!1 &565838108
GameObject:
  m_ObjectHideFlags: 0
  m_PrefabParentObject: {fileID: 100004, guid: 9942a2f7fd3e7b947bb6d3f1dfed4d00, type: 3}
  m_PrefabInternal: {fileID: 1061676523}
  serializedVersion: 4
  m_Component:
  - 4: {fileID: 565838112}
  - 33: {fileID: 565838111}
  - 23: {fileID: 565838110}
  - 64: {fileID: 565838109}
  m_Layer: 0
  m_Name: Line005
  m_TagString: Wall
  m_Icon: {fileID: 0}
  m_NavMeshLayer: 0
  m_StaticEditorFlags: 0
  m_IsActive: 1
--- !u!64 &565838109
MeshCollider:
  m_ObjectHideFlags: 0
  m_PrefabParentObject: {fileID: 6400002, guid: 9942a2f7fd3e7b947bb6d3f1dfed4d00,
    type: 3}
  m_PrefabInternal: {fileID: 1061676523}
  m_GameObject: {fileID: 565838108}
  m_Material: {fileID: 0}
  m_IsTrigger: 0
  m_Enabled: 1
  serializedVersion: 2
  m_SmoothSphereCollisions: 0
  m_Convex: 0
  m_Mesh: {fileID: 4300000, guid: 9942a2f7fd3e7b947bb6d3f1dfed4d00, type: 3}
--- !u!23 &565838110
Renderer:
  m_ObjectHideFlags: 0
  m_PrefabParentObject: {fileID: 2300002, guid: 9942a2f7fd3e7b947bb6d3f1dfed4d00,
    type: 3}
  m_PrefabInternal: {fileID: 1061676523}
  m_GameObject: {fileID: 565838108}
  m_Enabled: 1
  m_CastShadows: 1
  m_ReceiveShadows: 1
  m_LightmapIndex: 255
  m_LightmapTilingOffset: {x: 1, y: 1, z: 0, w: 0}
  m_Materials:
  - {fileID: 2100000, guid: ecf97c777be3af244b40e9e55c06001f, type: 2}
  m_SubsetIndices: 
  m_StaticBatchRoot: {fileID: 0}
  m_UseLightProbes: 0
  m_LightProbeAnchor: {fileID: 0}
  m_ScaleInLightmap: 1
  m_SortingLayer: 0
  m_SortingOrder: 0
  m_SortingLayerID: 0
--- !u!33 &565838111
MeshFilter:
  m_ObjectHideFlags: 0
  m_PrefabParentObject: {fileID: 3300002, guid: 9942a2f7fd3e7b947bb6d3f1dfed4d00,
    type: 3}
  m_PrefabInternal: {fileID: 1061676523}
  m_GameObject: {fileID: 565838108}
  m_Mesh: {fileID: 4300000, guid: 9942a2f7fd3e7b947bb6d3f1dfed4d00, type: 3}
--- !u!4 &565838112
Transform:
  m_ObjectHideFlags: 0
  m_PrefabParentObject: {fileID: 400004, guid: 9942a2f7fd3e7b947bb6d3f1dfed4d00, type: 3}
  m_PrefabInternal: {fileID: 1061676523}
  m_GameObject: {fileID: 565838108}
  m_LocalRotation: {x: -.707106829, y: 0, z: -0, w: .707106829}
  m_LocalPosition: {x: 3.14171702e-05, y: .00235653552, z: 0}
  m_LocalScale: {x: .0740892366, y: .0725518465, z: .0325694643}
  m_Children: []
  m_Father: {fileID: 12541093}
--- !u!1 &603268050
GameObject:
  m_ObjectHideFlags: 0
  m_PrefabParentObject: {fileID: 100002, guid: c258f14d3f9867142ae46ef4805ec661, type: 2}
  m_PrefabInternal: {fileID: 655406065}
  serializedVersion: 4
  m_Component:
  - 4: {fileID: 603268054}
  - 33: {fileID: 603268053}
  - 23: {fileID: 603268052}
  - 65: {fileID: 603268051}
  m_Layer: 0
  m_Name: Portal0
  m_TagString: Mirror
  m_Icon: {fileID: 0}
  m_NavMeshLayer: 0
  m_StaticEditorFlags: 0
  m_IsActive: 1
--- !u!65 &603268051
BoxCollider:
  m_ObjectHideFlags: 0
  m_PrefabParentObject: {fileID: 6500000, guid: c258f14d3f9867142ae46ef4805ec661,
    type: 2}
  m_PrefabInternal: {fileID: 655406065}
  m_GameObject: {fileID: 603268050}
  m_Material: {fileID: 0}
  m_IsTrigger: 0
  m_Enabled: 1
  serializedVersion: 2
  m_Size: {x: 10, y: 2.22044605e-16, z: 9.99999905}
  m_Center: {x: 0, y: 0, z: 0}
--- !u!23 &603268052
Renderer:
  m_ObjectHideFlags: 0
  m_PrefabParentObject: {fileID: 2300000, guid: c258f14d3f9867142ae46ef4805ec661,
    type: 2}
  m_PrefabInternal: {fileID: 655406065}
  m_GameObject: {fileID: 603268050}
  m_Enabled: 1
  m_CastShadows: 1
  m_ReceiveShadows: 1
  m_LightmapIndex: 255
  m_LightmapTilingOffset: {x: 1, y: 1, z: 0, w: 0}
  m_Materials:
  - {fileID: 2100000, guid: 3c88377b196fc074dab6873852647413, type: 2}
  m_SubsetIndices: 
  m_StaticBatchRoot: {fileID: 0}
  m_UseLightProbes: 0
  m_LightProbeAnchor: {fileID: 0}
  m_ScaleInLightmap: 1
  m_SortingLayer: 0
  m_SortingOrder: 0
  m_SortingLayerID: 0
--- !u!33 &603268053
MeshFilter:
  m_ObjectHideFlags: 0
  m_PrefabParentObject: {fileID: 3300000, guid: c258f14d3f9867142ae46ef4805ec661,
    type: 2}
  m_PrefabInternal: {fileID: 655406065}
  m_GameObject: {fileID: 603268050}
  m_Mesh: {fileID: 10209, guid: 0000000000000000e000000000000000, type: 0}
--- !u!4 &603268054
Transform:
  m_ObjectHideFlags: 0
  m_PrefabParentObject: {fileID: 400002, guid: c258f14d3f9867142ae46ef4805ec661, type: 2}
  m_PrefabInternal: {fileID: 655406065}
  m_GameObject: {fileID: 603268050}
  m_LocalRotation: {x: .5, y: .5, z: -.5, w: .5}
  m_LocalPosition: {x: -10.6666059, y: 4.04928875, z: 56.1082344}
  m_LocalScale: {x: 1.16571391, y: .551394463, z: .62462008}
  m_Children:
  - {fileID: 937684081}
  m_Father: {fileID: 0}
--- !u!1001 &655406065
Prefab:
  m_ObjectHideFlags: 0
  serializedVersion: 2
  m_Modification:
    m_TransformParent: {fileID: 0}
    m_Modifications:
    - target: {fileID: 400002, guid: c258f14d3f9867142ae46ef4805ec661, type: 2}
      propertyPath: m_LocalPosition.x
      value: -10.6666059
      objectReference: {fileID: 0}
    - target: {fileID: 400002, guid: c258f14d3f9867142ae46ef4805ec661, type: 2}
      propertyPath: m_LocalPosition.y
      value: 4.04928875
      objectReference: {fileID: 0}
    - target: {fileID: 400002, guid: c258f14d3f9867142ae46ef4805ec661, type: 2}
      propertyPath: m_LocalPosition.z
      value: 56.1082344
      objectReference: {fileID: 0}
    - target: {fileID: 400002, guid: c258f14d3f9867142ae46ef4805ec661, type: 2}
      propertyPath: m_LocalRotation.x
      value: .5
      objectReference: {fileID: 0}
    - target: {fileID: 400002, guid: c258f14d3f9867142ae46ef4805ec661, type: 2}
      propertyPath: m_LocalRotation.y
      value: .5
      objectReference: {fileID: 0}
    - target: {fileID: 400002, guid: c258f14d3f9867142ae46ef4805ec661, type: 2}
      propertyPath: m_LocalRotation.z
      value: -.5
      objectReference: {fileID: 0}
    - target: {fileID: 400002, guid: c258f14d3f9867142ae46ef4805ec661, type: 2}
      propertyPath: m_LocalRotation.w
      value: .5
      objectReference: {fileID: 0}
    - target: {fileID: 100000, guid: c258f14d3f9867142ae46ef4805ec661, type: 2}
      propertyPath: m_Name
      value: Portal_Camera0
      objectReference: {fileID: 0}
    - target: {fileID: 400000, guid: c258f14d3f9867142ae46ef4805ec661, type: 2}
      propertyPath: m_LocalPosition.x
      value: 15.8762522
      objectReference: {fileID: 0}
    - target: {fileID: 400000, guid: c258f14d3f9867142ae46ef4805ec661, type: 2}
      propertyPath: m_LocalPosition.z
      value: 3.67377734
      objectReference: {fileID: 0}
    - target: {fileID: 400000, guid: c258f14d3f9867142ae46ef4805ec661, type: 2}
      propertyPath: m_LocalRotation.x
      value: .557153106
      objectReference: {fileID: 0}
    - target: {fileID: 400000, guid: c258f14d3f9867142ae46ef4805ec661, type: 2}
      propertyPath: m_LocalRotation.y
      value: .557153106
      objectReference: {fileID: 0}
    - target: {fileID: 400000, guid: c258f14d3f9867142ae46ef4805ec661, type: 2}
      propertyPath: m_LocalRotation.z
      value: -.435408324
      objectReference: {fileID: 0}
    - target: {fileID: 400000, guid: c258f14d3f9867142ae46ef4805ec661, type: 2}
      propertyPath: m_LocalRotation.w
      value: -.435408324
      objectReference: {fileID: 0}
    - target: {fileID: 400002, guid: c258f14d3f9867142ae46ef4805ec661, type: 2}
      propertyPath: m_LocalScale.x
      value: 1.16571391
      objectReference: {fileID: 0}
    m_RemovedComponents: []
  m_ParentPrefab: {fileID: 100100000, guid: c258f14d3f9867142ae46ef4805ec661, type: 2}
  m_RootGameObject: {fileID: 603268050}
  m_IsPrefabParent: 0
  m_IsExploded: 1
--- !u!1 &825804734
GameObject:
  m_ObjectHideFlags: 0
  m_PrefabParentObject: {fileID: 0}
  m_PrefabInternal: {fileID: 0}
  serializedVersion: 4
  m_Component:
  - 4: {fileID: 825804739}
  - 33: {fileID: 825804738}
  - 136: {fileID: 825804737}
  - 23: {fileID: 825804736}
  - 54: {fileID: 825804735}
  - 114: {fileID: 825804740}
  m_Layer: 0
  m_Name: Player
  m_TagString: Player
  m_Icon: {fileID: 0}
  m_NavMeshLayer: 0
  m_StaticEditorFlags: 0
  m_IsActive: 1
--- !u!54 &825804735
Rigidbody:
  m_ObjectHideFlags: 0
  m_PrefabParentObject: {fileID: 0}
  m_PrefabInternal: {fileID: 0}
  m_GameObject: {fileID: 825804734}
  serializedVersion: 2
  m_Mass: 1
  m_Drag: 0
  m_AngularDrag: .0500000007
  m_UseGravity: 1
  m_IsKinematic: 0
  m_Interpolate: 0
  m_Constraints: 112
  m_CollisionDetection: 0
--- !u!23 &825804736
Renderer:
  m_ObjectHideFlags: 0
  m_PrefabParentObject: {fileID: 0}
  m_PrefabInternal: {fileID: 0}
  m_GameObject: {fileID: 825804734}
  m_Enabled: 1
  m_CastShadows: 1
  m_ReceiveShadows: 1
  m_LightmapIndex: 255
  m_LightmapTilingOffset: {x: 1, y: 1, z: 0, w: 0}
  m_Materials:
  - {fileID: 10302, guid: 0000000000000000f000000000000000, type: 0}
  m_SubsetIndices: 
  m_StaticBatchRoot: {fileID: 0}
  m_UseLightProbes: 0
  m_LightProbeAnchor: {fileID: 0}
  m_ScaleInLightmap: 1
  m_SortingLayer: 0
  m_SortingOrder: 0
  m_SortingLayerID: 0
--- !u!136 &825804737
CapsuleCollider:
  m_ObjectHideFlags: 0
  m_PrefabParentObject: {fileID: 0}
  m_PrefabInternal: {fileID: 0}
  m_GameObject: {fileID: 825804734}
  m_Material: {fileID: 0}
  m_IsTrigger: 0
  m_Enabled: 1
  m_Radius: .5
  m_Height: 2
  m_Direction: 1
  m_Center: {x: 0, y: 0, z: 0}
--- !u!33 &825804738
MeshFilter:
  m_ObjectHideFlags: 0
  m_PrefabParentObject: {fileID: 0}
  m_PrefabInternal: {fileID: 0}
  m_GameObject: {fileID: 825804734}
  m_Mesh: {fileID: 10208, guid: 0000000000000000e000000000000000, type: 0}
--- !u!4 &825804739
Transform:
  m_ObjectHideFlags: 0
  m_PrefabParentObject: {fileID: 0}
  m_PrefabInternal: {fileID: 0}
  m_GameObject: {fileID: 825804734}
  m_LocalRotation: {x: 0, y: 0, z: 0, w: 1}
  m_LocalPosition: {x: -.523190558, y: 1.77762985, z: 57.1370316}
  m_LocalScale: {x: 1, y: 1, z: 1}
  m_Children:
  - {fileID: 527290269}
  m_Father: {fileID: 0}
--- !u!114 &825804740
MonoBehaviour:
  m_ObjectHideFlags: 0
  m_PrefabParentObject: {fileID: 0}
  m_PrefabInternal: {fileID: 0}
  m_GameObject: {fileID: 825804734}
  m_Enabled: 1
  m_EditorHideFlags: 0
  m_Script: {fileID: 11500000, guid: ff5d3c8b12706e44ea76a09ad3341a90, type: 3}
  m_Name: 
  m_EditorClassIdentifier: 
  camera: {fileID: 527290273}
  topSpeed: 15
  sensitivityX: 2
  minimumX: -360
  maximumX: 360
--- !u!1 &937684080
GameObject:
  m_ObjectHideFlags: 0
  m_PrefabParentObject: {fileID: 100000, guid: c258f14d3f9867142ae46ef4805ec661, type: 2}
  m_PrefabInternal: {fileID: 655406065}
  serializedVersion: 4
  m_Component:
  - 4: {fileID: 937684081}
  - 20: {fileID: 937684086}
  - 124: {fileID: 937684085}
  - 92: {fileID: 937684084}
  - 81: {fileID: 937684083}
  - 114: {fileID: 937684082}
  m_Layer: 0
  m_Name: Portal_Camera0
  m_TagString: PortalCam
  m_Icon: {fileID: 0}
  m_NavMeshLayer: 0
  m_StaticEditorFlags: 0
  m_IsActive: 1
--- !u!4 &937684081
Transform:
  m_ObjectHideFlags: 0
  m_PrefabParentObject: {fileID: 400000, guid: c258f14d3f9867142ae46ef4805ec661, type: 2}
  m_PrefabInternal: {fileID: 655406065}
  m_GameObject: {fileID: 937684080}
  m_LocalRotation: {x: .557153106, y: .557153106, z: -.435408324, w: -.435408324}
  m_LocalPosition: {x: 15.8762522, y: 17.8211536, z: 3.67377734}
  m_LocalScale: {x: 1.84313464, y: 1.58245885, z: 1.84313452}
  m_Children: []
  m_Father: {fileID: 603268054}
--- !u!114 &937684082
MonoBehaviour:
  m_ObjectHideFlags: 0
  m_PrefabParentObject: {fileID: 11400000, guid: c258f14d3f9867142ae46ef4805ec661,
    type: 2}
  m_PrefabInternal: {fileID: 655406065}
  m_GameObject: {fileID: 937684080}
  m_Enabled: 1
  m_EditorHideFlags: 0
  m_Script: {fileID: 11500000, guid: 8c532fd881cb74842a2dbb6a0d4ac1d7, type: 3}
  m_Name: 
  m_EditorClassIdentifier: 
--- !u!81 &937684083
AudioListener:
  m_ObjectHideFlags: 0
  m_PrefabParentObject: {fileID: 8100000, guid: c258f14d3f9867142ae46ef4805ec661,
    type: 2}
  m_PrefabInternal: {fileID: 655406065}
  m_GameObject: {fileID: 937684080}
  m_Enabled: 0
--- !u!92 &937684084
Behaviour:
  m_ObjectHideFlags: 0
  m_PrefabParentObject: {fileID: 9200000, guid: c258f14d3f9867142ae46ef4805ec661,
    type: 2}
  m_PrefabInternal: {fileID: 655406065}
  m_GameObject: {fileID: 937684080}
  m_Enabled: 1
--- !u!124 &937684085
Behaviour:
  m_ObjectHideFlags: 0
  m_PrefabParentObject: {fileID: 12400000, guid: c258f14d3f9867142ae46ef4805ec661,
    type: 2}
  m_PrefabInternal: {fileID: 655406065}
  m_GameObject: {fileID: 937684080}
  m_Enabled: 1
--- !u!20 &937684086
Camera:
  m_ObjectHideFlags: 0
  m_PrefabParentObject: {fileID: 2000000, guid: c258f14d3f9867142ae46ef4805ec661,
    type: 2}
  m_PrefabInternal: {fileID: 655406065}
  m_GameObject: {fileID: 937684080}
  m_Enabled: 1
  serializedVersion: 2
  m_ClearFlags: 1
  m_BackGroundColor: {r: .192156866, g: .301960796, b: .474509805, a: .0196078438}
  m_NormalizedViewPortRect:
    serializedVersion: 2
    x: 0
    y: 0
    width: 1
    height: 1
  near clip plane: .300000012
  far clip plane: 1000
  field of view: 60
  orthographic: 0
  orthographic size: 5
  m_Depth: 0
  m_CullingMask:
    serializedVersion: 2
    m_Bits: 4294967295
  m_RenderingPath: -1
  m_TargetTexture: {fileID: 0}
  m_HDR: 0
  m_OcclusionCulling: 1
--- !u!1 &947029330
GameObject:
  m_ObjectHideFlags: 0
  m_PrefabParentObject: {fileID: 0}
  m_PrefabInternal: {fileID: 0}
  serializedVersion: 4
  m_Component:
  - 4: {fileID: 947029332}
  - 114: {fileID: 947029331}
  m_Layer: 0
  m_Name: Common
  m_TagString: Common
  m_Icon: {fileID: 0}
  m_NavMeshLayer: 0
  m_StaticEditorFlags: 0
  m_IsActive: 1
--- !u!114 &947029331
MonoBehaviour:
  m_ObjectHideFlags: 0
  m_PrefabParentObject: {fileID: 0}
  m_PrefabInternal: {fileID: 0}
  m_GameObject: {fileID: 947029330}
  m_Enabled: 1
  m_EditorHideFlags: 0
  m_Script: {fileID: 11500000, guid: 3d68fc6fa5c0fae47a2fb712541b90dc, type: 3}
  m_Name: 
  m_EditorClassIdentifier: 
--- !u!4 &947029332
Transform:
  m_ObjectHideFlags: 0
  m_PrefabParentObject: {fileID: 0}
  m_PrefabInternal: {fileID: 0}
  m_GameObject: {fileID: 947029330}
  m_LocalRotation: {x: 0, y: 0, z: 0, w: 1}
  m_LocalPosition: {x: -.523190558, y: 2.37762976, z: 57.1370316}
  m_LocalScale: {x: 1, y: 1, z: 1}
  m_Children: []
  m_Father: {fileID: 0}
--- !u!1 &948977541
GameObject:
  m_ObjectHideFlags: 0
  m_PrefabParentObject: {fileID: 0}
  m_PrefabInternal: {fileID: 0}
  serializedVersion: 4
  m_Component:
  - 4: {fileID: 948977544}
  - 198: {fileID: 948977543}
  - 199: {fileID: 948977542}
  m_Layer: 0
  m_Name: Particle System
  m_TagString: Untagged
  m_Icon: {fileID: 0}
  m_NavMeshLayer: 0
  m_StaticEditorFlags: 0
  m_IsActive: 1
--- !u!199 &948977542
ParticleSystemRenderer:
  m_ObjectHideFlags: 0
  m_PrefabParentObject: {fileID: 0}
  m_PrefabInternal: {fileID: 0}
  m_GameObject: {fileID: 948977541}
  m_Enabled: 1
  m_CastShadows: 1
  m_ReceiveShadows: 1
  m_LightmapIndex: 255
  m_LightmapTilingOffset: {x: 1, y: 1, z: 0, w: 0}
  m_Materials:
  - {fileID: 10301, guid: 0000000000000000f000000000000000, type: 0}
  m_SubsetIndices: 
  m_StaticBatchRoot: {fileID: 0}
  m_UseLightProbes: 0
  m_LightProbeAnchor: {fileID: 0}
  m_ScaleInLightmap: 1
  m_SortingLayer: 0
  m_SortingOrder: 0
  m_SortingLayerID: 0
  m_RenderMode: 0
  m_MaxParticleSize: .5
  m_CameraVelocityScale: 0
  m_VelocityScale: 0
  m_LengthScale: 2
  m_SortingFudge: 0
  m_NormalDirection: 1
  m_SortMode: 0
  m_Mesh: {fileID: 0}
  m_Mesh1: {fileID: 0}
  m_Mesh2: {fileID: 0}
  m_Mesh3: {fileID: 0}
--- !u!198 &948977543
ParticleSystem:
  m_ObjectHideFlags: 0
  m_PrefabParentObject: {fileID: 0}
  m_PrefabInternal: {fileID: 0}
  m_GameObject: {fileID: 948977541}
  lengthInSec: 5
  startDelay: 0
  speed: 1
  randomSeed: 0
  looping: 1
  prewarm: 0
  playOnAwake: 1
  moveWithTransform: 1
  InitialModule:
    enabled: 1
    startLifetime:
      scalar: 5
      maxCurve:
        serializedVersion: 2
        m_Curve:
        - time: 0
          value: 1
          inSlope: 0
          outSlope: 0
          tangentMode: 0
        - time: 1
          value: 1
          inSlope: 0
          outSlope: 0
          tangentMode: 0
        m_PreInfinity: 2
        m_PostInfinity: 2
      minCurve:
        serializedVersion: 2
        m_Curve:
        - time: 0
          value: 0
          inSlope: 0
          outSlope: 0
          tangentMode: 0
        - time: 1
          value: 0
          inSlope: 0
          outSlope: 0
          tangentMode: 0
        m_PreInfinity: 2
        m_PostInfinity: 2
      minMaxState: 0
    startSpeed:
      scalar: 5
      maxCurve:
        serializedVersion: 2
        m_Curve:
        - time: 0
          value: 1
          inSlope: 0
          outSlope: 0
          tangentMode: 0
        - time: 1
          value: 1
          inSlope: 0
          outSlope: 0
          tangentMode: 0
        m_PreInfinity: 2
        m_PostInfinity: 2
      minCurve:
        serializedVersion: 2
        m_Curve:
        - time: 0
          value: 0
          inSlope: 0
          outSlope: 0
          tangentMode: 0
        - time: 1
          value: 0
          inSlope: 0
          outSlope: 0
          tangentMode: 0
        m_PreInfinity: 2
        m_PostInfinity: 2
      minMaxState: 0
    startColor:
      maxGradient:
        key0:
          serializedVersion: 2
          rgba: 4294967295
        key1:
          serializedVersion: 2
          rgba: 4294967295
        key2:
          serializedVersion: 2
          rgba: 0
        key3:
          serializedVersion: 2
          rgba: 0
        key4:
          serializedVersion: 2
          rgba: 0
        key5:
          serializedVersion: 2
          rgba: 0
        key6:
          serializedVersion: 2
          rgba: 0
        key7:
          serializedVersion: 2
          rgba: 0
        ctime0: 0
        ctime1: 65535
        ctime2: 0
        ctime3: 0
        ctime4: 0
        ctime5: 0
        ctime6: 0
        ctime7: 0
        atime0: 0
        atime1: 65535
        atime2: 0
        atime3: 0
        atime4: 0
        atime5: 0
        atime6: 0
        atime7: 0
        m_NumColorKeys: 2
        m_NumAlphaKeys: 2
      minGradient:
        key0:
          serializedVersion: 2
          rgba: 4294967295
        key1:
          serializedVersion: 2
          rgba: 4294967295
        key2:
          serializedVersion: 2
          rgba: 0
        key3:
          serializedVersion: 2
          rgba: 0
        key4:
          serializedVersion: 2
          rgba: 0
        key5:
          serializedVersion: 2
          rgba: 0
        key6:
          serializedVersion: 2
          rgba: 0
        key7:
          serializedVersion: 2
          rgba: 0
        ctime0: 0
        ctime1: 65535
        ctime2: 0
        ctime3: 0
        ctime4: 0
        ctime5: 0
        ctime6: 0
        ctime7: 0
        atime0: 0
        atime1: 65535
        atime2: 0
        atime3: 0
        atime4: 0
        atime5: 0
        atime6: 0
        atime7: 0
        m_NumColorKeys: 2
        m_NumAlphaKeys: 2
      minColor:
        serializedVersion: 2
        rgba: 4294967295
      maxColor:
        serializedVersion: 2
        rgba: 4294967295
      minMaxState: 0
    startSize:
      scalar: 1
      maxCurve:
        serializedVersion: 2
        m_Curve:
        - time: 0
          value: 1
          inSlope: 0
          outSlope: 0
          tangentMode: 0
        - time: 1
          value: 1
          inSlope: 0
          outSlope: 0
          tangentMode: 0
        m_PreInfinity: 2
        m_PostInfinity: 2
      minCurve:
        serializedVersion: 2
        m_Curve:
        - time: 0
          value: 0
          inSlope: 0
          outSlope: 0
          tangentMode: 0
        - time: 1
          value: 0
          inSlope: 0
          outSlope: 0
          tangentMode: 0
        m_PreInfinity: 2
        m_PostInfinity: 2
      minMaxState: 0
    startRotation:
      scalar: 0
      maxCurve:
        serializedVersion: 2
        m_Curve:
        - time: 0
          value: 1
          inSlope: 0
          outSlope: 0
          tangentMode: 0
        - time: 1
          value: 1
          inSlope: 0
          outSlope: 0
          tangentMode: 0
        m_PreInfinity: 2
        m_PostInfinity: 2
      minCurve:
        serializedVersion: 2
        m_Curve:
        - time: 0
          value: 0
          inSlope: 0
          outSlope: 0
          tangentMode: 0
        - time: 1
          value: 0
          inSlope: 0
          outSlope: 0
          tangentMode: 0
        m_PreInfinity: 2
        m_PostInfinity: 2
      minMaxState: 0
    gravityModifier: 0
    inheritVelocity: 0
    maxNumParticles: 1000
  ShapeModule:
    serializedVersion: 2
    enabled: 1
    type: 4
    radius: 1
    angle: 25
    length: 5
    boxX: 1
    boxY: 1
    boxZ: 1
    placementMode: 0
    m_Mesh: {fileID: 0}
    randomDirection: 0
  EmissionModule:
    enabled: 1
    m_Type: 0
    rate:
      scalar: 10
      maxCurve:
        serializedVersion: 2
        m_Curve:
        - time: 0
          value: 1
          inSlope: 0
          outSlope: 0
          tangentMode: 0
        - time: 1
          value: 1
          inSlope: 0
          outSlope: 0
          tangentMode: 0
        m_PreInfinity: 2
        m_PostInfinity: 2
      minCurve:
        serializedVersion: 2
        m_Curve:
        - time: 0
          value: 0
          inSlope: 0
          outSlope: 0
          tangentMode: 0
        - time: 1
          value: 0
          inSlope: 0
          outSlope: 0
          tangentMode: 0
        m_PreInfinity: 2
        m_PostInfinity: 2
      minMaxState: 0
    cnt0: 30
    cnt1: 30
    cnt2: 30
    cnt3: 30
    time0: 0
    time1: 0
    time2: 0
    time3: 0
    m_BurstCount: 0
  SizeModule:
    enabled: 0
    curve:
      scalar: 1
      maxCurve:
        serializedVersion: 2
        m_Curve:
        - time: 0
          value: 1
          inSlope: 0
          outSlope: 0
          tangentMode: 0
        - time: 1
          value: 1
          inSlope: 0
          outSlope: 0
          tangentMode: 0
        m_PreInfinity: 2
        m_PostInfinity: 2
      minCurve:
        serializedVersion: 2
        m_Curve:
        - time: 0
          value: 0
          inSlope: 0
          outSlope: 0
          tangentMode: 0
        - time: 1
          value: 0
          inSlope: 0
          outSlope: 0
          tangentMode: 0
        m_PreInfinity: 2
        m_PostInfinity: 2
      minMaxState: 1
  RotationModule:
    enabled: 0
    curve:
      scalar: .785398185
      maxCurve:
        serializedVersion: 2
        m_Curve:
        - time: 0
          value: 1
          inSlope: 0
          outSlope: 0
          tangentMode: 0
        - time: 1
          value: 1
          inSlope: 0
          outSlope: 0
          tangentMode: 0
        m_PreInfinity: 2
        m_PostInfinity: 2
      minCurve:
        serializedVersion: 2
        m_Curve:
        - time: 0
          value: 0
          inSlope: 0
          outSlope: 0
          tangentMode: 0
        - time: 1
          value: 0
          inSlope: 0
          outSlope: 0
          tangentMode: 0
        m_PreInfinity: 2
        m_PostInfinity: 2
      minMaxState: 0
  ColorModule:
    enabled: 0
    gradient:
      maxGradient:
        key0:
          serializedVersion: 2
          rgba: 4294967295
        key1:
          serializedVersion: 2
          rgba: 4294967295
        key2:
          serializedVersion: 2
          rgba: 0
        key3:
          serializedVersion: 2
          rgba: 0
        key4:
          serializedVersion: 2
          rgba: 0
        key5:
          serializedVersion: 2
          rgba: 0
        key6:
          serializedVersion: 2
          rgba: 0
        key7:
          serializedVersion: 2
          rgba: 0
        ctime0: 0
        ctime1: 65535
        ctime2: 0
        ctime3: 0
        ctime4: 0
        ctime5: 0
        ctime6: 0
        ctime7: 0
        atime0: 0
        atime1: 65535
        atime2: 0
        atime3: 0
        atime4: 0
        atime5: 0
        atime6: 0
        atime7: 0
        m_NumColorKeys: 2
        m_NumAlphaKeys: 2
      minGradient:
        key0:
          serializedVersion: 2
          rgba: 4294967295
        key1:
          serializedVersion: 2
          rgba: 4294967295
        key2:
          serializedVersion: 2
          rgba: 0
        key3:
          serializedVersion: 2
          rgba: 0
        key4:
          serializedVersion: 2
          rgba: 0
        key5:
          serializedVersion: 2
          rgba: 0
        key6:
          serializedVersion: 2
          rgba: 0
        key7:
          serializedVersion: 2
          rgba: 0
        ctime0: 0
        ctime1: 65535
        ctime2: 0
        ctime3: 0
        ctime4: 0
        ctime5: 0
        ctime6: 0
        ctime7: 0
        atime0: 0
        atime1: 65535
        atime2: 0
        atime3: 0
        atime4: 0
        atime5: 0
        atime6: 0
        atime7: 0
        m_NumColorKeys: 2
        m_NumAlphaKeys: 2
      minColor:
        serializedVersion: 2
        rgba: 4294967295
      maxColor:
        serializedVersion: 2
        rgba: 4294967295
      minMaxState: 1
  UVModule:
    enabled: 0
    frameOverTime:
      scalar: 1
      maxCurve:
        serializedVersion: 2
        m_Curve:
        - time: 0
          value: 0
          inSlope: 0
          outSlope: 1
          tangentMode: 0
        - time: 1
          value: 1
          inSlope: 1
          outSlope: 0
          tangentMode: 0
        m_PreInfinity: 2
        m_PostInfinity: 2
      minCurve:
        serializedVersion: 2
        m_Curve:
        - time: 0
          value: 0
          inSlope: 0
          outSlope: 1
          tangentMode: 0
        - time: 1
          value: 1
          inSlope: 1
          outSlope: 0
          tangentMode: 0
        m_PreInfinity: 2
        m_PostInfinity: 2
      minMaxState: 1
    tilesX: 1
    tilesY: 1
    animationType: 0
    rowIndex: 0
    cycles: 1
    randomRow: 1
  VelocityModule:
    enabled: 0
    x:
      scalar: 0
      maxCurve:
        serializedVersion: 2
        m_Curve:
        - time: 0
          value: 1
          inSlope: 0
          outSlope: 0
          tangentMode: 0
        - time: 1
          value: 1
          inSlope: 0
          outSlope: 0
          tangentMode: 0
        m_PreInfinity: 2
        m_PostInfinity: 2
      minCurve:
        serializedVersion: 2
        m_Curve:
        - time: 0
          value: 0
          inSlope: 0
          outSlope: 0
          tangentMode: 0
        - time: 1
          value: 0
          inSlope: 0
          outSlope: 0
          tangentMode: 0
        m_PreInfinity: 2
        m_PostInfinity: 2
      minMaxState: 0
    y:
      scalar: 0
      maxCurve:
        serializedVersion: 2
        m_Curve:
        - time: 0
          value: 1
          inSlope: 0
          outSlope: 0
          tangentMode: 0
        - time: 1
          value: 1
          inSlope: 0
          outSlope: 0
          tangentMode: 0
        m_PreInfinity: 2
        m_PostInfinity: 2
      minCurve:
        serializedVersion: 2
        m_Curve:
        - time: 0
          value: 0
          inSlope: 0
          outSlope: 0
          tangentMode: 0
        - time: 1
          value: 0
          inSlope: 0
          outSlope: 0
          tangentMode: 0
        m_PreInfinity: 2
        m_PostInfinity: 2
      minMaxState: 0
    z:
      scalar: 0
      maxCurve:
        serializedVersion: 2
        m_Curve:
        - time: 0
          value: 1
          inSlope: 0
          outSlope: 0
          tangentMode: 0
        - time: 1
          value: 1
          inSlope: 0
          outSlope: 0
          tangentMode: 0
        m_PreInfinity: 2
        m_PostInfinity: 2
      minCurve:
        serializedVersion: 2
        m_Curve:
        - time: 0
          value: 0
          inSlope: 0
          outSlope: 0
          tangentMode: 0
        - time: 1
          value: 0
          inSlope: 0
          outSlope: 0
          tangentMode: 0
        m_PreInfinity: 2
        m_PostInfinity: 2
      minMaxState: 0
    inWorldSpace: 0
  ForceModule:
    enabled: 0
    x:
      scalar: 0
      maxCurve:
        serializedVersion: 2
        m_Curve:
        - time: 0
          value: 1
          inSlope: 0
          outSlope: 0
          tangentMode: 0
        - time: 1
          value: 1
          inSlope: 0
          outSlope: 0
          tangentMode: 0
        m_PreInfinity: 2
        m_PostInfinity: 2
      minCurve:
        serializedVersion: 2
        m_Curve:
        - time: 0
          value: 0
          inSlope: 0
          outSlope: 0
          tangentMode: 0
        - time: 1
          value: 0
          inSlope: 0
          outSlope: 0
          tangentMode: 0
        m_PreInfinity: 2
        m_PostInfinity: 2
      minMaxState: 0
    y:
      scalar: 0
      maxCurve:
        serializedVersion: 2
        m_Curve:
        - time: 0
          value: 1
          inSlope: 0
          outSlope: 0
          tangentMode: 0
        - time: 1
          value: 1
          inSlope: 0
          outSlope: 0
          tangentMode: 0
        m_PreInfinity: 2
        m_PostInfinity: 2
      minCurve:
        serializedVersion: 2
        m_Curve:
        - time: 0
          value: 0
          inSlope: 0
          outSlope: 0
          tangentMode: 0
        - time: 1
          value: 0
          inSlope: 0
          outSlope: 0
          tangentMode: 0
        m_PreInfinity: 2
        m_PostInfinity: 2
      minMaxState: 0
    z:
      scalar: 0
      maxCurve:
        serializedVersion: 2
        m_Curve:
        - time: 0
          value: 1
          inSlope: 0
          outSlope: 0
          tangentMode: 0
        - time: 1
          value: 1
          inSlope: 0
          outSlope: 0
          tangentMode: 0
        m_PreInfinity: 2
        m_PostInfinity: 2
      minCurve:
        serializedVersion: 2
        m_Curve:
        - time: 0
          value: 0
          inSlope: 0
          outSlope: 0
          tangentMode: 0
        - time: 1
          value: 0
          inSlope: 0
          outSlope: 0
          tangentMode: 0
        m_PreInfinity: 2
        m_PostInfinity: 2
      minMaxState: 0
    inWorldSpace: 0
    randomizePerFrame: 0
  ExternalForcesModule:
    enabled: 0
    multiplier: 1
  ClampVelocityModule:
    enabled: 0
    x:
      scalar: 1
      maxCurve:
        serializedVersion: 2
        m_Curve:
        - time: 0
          value: 1
          inSlope: 0
          outSlope: 0
          tangentMode: 0
        - time: 1
          value: 1
          inSlope: 0
          outSlope: 0
          tangentMode: 0
        m_PreInfinity: 2
        m_PostInfinity: 2
      minCurve:
        serializedVersion: 2
        m_Curve:
        - time: 0
          value: 0
          inSlope: 0
          outSlope: 0
          tangentMode: 0
        - time: 1
          value: 0
          inSlope: 0
          outSlope: 0
          tangentMode: 0
        m_PreInfinity: 2
        m_PostInfinity: 2
      minMaxState: 0
    y:
      scalar: 1
      maxCurve:
        serializedVersion: 2
        m_Curve:
        - time: 0
          value: 1
          inSlope: 0
          outSlope: 0
          tangentMode: 0
        - time: 1
          value: 1
          inSlope: 0
          outSlope: 0
          tangentMode: 0
        m_PreInfinity: 2
        m_PostInfinity: 2
      minCurve:
        serializedVersion: 2
        m_Curve:
        - time: 0
          value: 0
          inSlope: 0
          outSlope: 0
          tangentMode: 0
        - time: 1
          value: 0
          inSlope: 0
          outSlope: 0
          tangentMode: 0
        m_PreInfinity: 2
        m_PostInfinity: 2
      minMaxState: 0
    z:
      scalar: 1
      maxCurve:
        serializedVersion: 2
        m_Curve:
        - time: 0
          value: 1
          inSlope: 0
          outSlope: 0
          tangentMode: 0
        - time: 1
          value: 1
          inSlope: 0
          outSlope: 0
          tangentMode: 0
        m_PreInfinity: 2
        m_PostInfinity: 2
      minCurve:
        serializedVersion: 2
        m_Curve:
        - time: 0
          value: 0
          inSlope: 0
          outSlope: 0
          tangentMode: 0
        - time: 1
          value: 0
          inSlope: 0
          outSlope: 0
          tangentMode: 0
        m_PreInfinity: 2
        m_PostInfinity: 2
      minMaxState: 0
    magnitude:
      scalar: 1
      maxCurve:
        serializedVersion: 2
        m_Curve:
        - time: 0
          value: 1
          inSlope: 0
          outSlope: 0
          tangentMode: 0
        - time: 1
          value: 1
          inSlope: 0
          outSlope: 0
          tangentMode: 0
        m_PreInfinity: 2
        m_PostInfinity: 2
      minCurve:
        serializedVersion: 2
        m_Curve:
        - time: 0
          value: 0
          inSlope: 0
          outSlope: 0
          tangentMode: 0
        - time: 1
          value: 0
          inSlope: 0
          outSlope: 0
          tangentMode: 0
        m_PreInfinity: 2
        m_PostInfinity: 2
      minMaxState: 0
    separateAxis: 0
    inWorldSpace: 0
    dampen: 1
  SizeBySpeedModule:
    enabled: 0
    curve:
      scalar: 1
      maxCurve:
        serializedVersion: 2
        m_Curve:
        - time: 0
          value: 1
          inSlope: 0
          outSlope: 0
          tangentMode: 0
        - time: 1
          value: 1
          inSlope: 0
          outSlope: 0
          tangentMode: 0
        m_PreInfinity: 2
        m_PostInfinity: 2
      minCurve:
        serializedVersion: 2
        m_Curve:
        - time: 0
          value: 0
          inSlope: 0
          outSlope: 0
          tangentMode: 0
        - time: 1
          value: 0
          inSlope: 0
          outSlope: 0
          tangentMode: 0
        m_PreInfinity: 2
        m_PostInfinity: 2
      minMaxState: 1
    range: {x: 0, y: 1}
  RotationBySpeedModule:
    enabled: 0
    curve:
      scalar: .785398185
      maxCurve:
        serializedVersion: 2
        m_Curve:
        - time: 0
          value: 1
          inSlope: 0
          outSlope: 0
          tangentMode: 0
        - time: 1
          value: 1
          inSlope: 0
          outSlope: 0
          tangentMode: 0
        m_PreInfinity: 2
        m_PostInfinity: 2
      minCurve:
        serializedVersion: 2
        m_Curve:
        - time: 0
          value: 0
          inSlope: 0
          outSlope: 0
          tangentMode: 0
        - time: 1
          value: 0
          inSlope: 0
          outSlope: 0
          tangentMode: 0
        m_PreInfinity: 2
        m_PostInfinity: 2
      minMaxState: 0
    range: {x: 0, y: 1}
  ColorBySpeedModule:
    enabled: 0
    gradient:
      maxGradient:
        key0:
          serializedVersion: 2
          rgba: 4294967295
        key1:
          serializedVersion: 2
          rgba: 4294967295
        key2:
          serializedVersion: 2
          rgba: 0
        key3:
          serializedVersion: 2
          rgba: 0
        key4:
          serializedVersion: 2
          rgba: 0
        key5:
          serializedVersion: 2
          rgba: 0
        key6:
          serializedVersion: 2
          rgba: 0
        key7:
          serializedVersion: 2
          rgba: 0
        ctime0: 0
        ctime1: 65535
        ctime2: 0
        ctime3: 0
        ctime4: 0
        ctime5: 0
        ctime6: 0
        ctime7: 0
        atime0: 0
        atime1: 65535
        atime2: 0
        atime3: 0
        atime4: 0
        atime5: 0
        atime6: 0
        atime7: 0
        m_NumColorKeys: 2
        m_NumAlphaKeys: 2
      minGradient:
        key0:
          serializedVersion: 2
          rgba: 4294967295
        key1:
          serializedVersion: 2
          rgba: 4294967295
        key2:
          serializedVersion: 2
          rgba: 0
        key3:
          serializedVersion: 2
          rgba: 0
        key4:
          serializedVersion: 2
          rgba: 0
        key5:
          serializedVersion: 2
          rgba: 0
        key6:
          serializedVersion: 2
          rgba: 0
        key7:
          serializedVersion: 2
          rgba: 0
        ctime0: 0
        ctime1: 65535
        ctime2: 0
        ctime3: 0
        ctime4: 0
        ctime5: 0
        ctime6: 0
        ctime7: 0
        atime0: 0
        atime1: 65535
        atime2: 0
        atime3: 0
        atime4: 0
        atime5: 0
        atime6: 0
        atime7: 0
        m_NumColorKeys: 2
        m_NumAlphaKeys: 2
      minColor:
        serializedVersion: 2
        rgba: 4294967295
      maxColor:
        serializedVersion: 2
        rgba: 4294967295
      minMaxState: 1
    range: {x: 0, y: 1}
  CollisionModule:
    enabled: 0
    type: 0
    plane0: {fileID: 0}
    plane1: {fileID: 0}
    plane2: {fileID: 0}
    plane3: {fileID: 0}
    plane4: {fileID: 0}
    plane5: {fileID: 0}
    dampen: 0
    bounce: 1
    energyLossOnCollision: 0
    minKillSpeed: 0
    particleRadius: .00999999978
    collidesWith:
      serializedVersion: 2
      m_Bits: 4294967295
    quality: 0
    voxelSize: .5
    collisionMessages: 0
  SubModule:
    enabled: 0
    subEmitterBirth: {fileID: 0}
    subEmitterBirth1: {fileID: 0}
    subEmitterCollision: {fileID: 0}
    subEmitterCollision1: {fileID: 0}
    subEmitterDeath: {fileID: 0}
    subEmitterDeath1: {fileID: 0}
--- !u!4 &948977544
Transform:
  m_ObjectHideFlags: 0
  m_PrefabParentObject: {fileID: 0}
  m_PrefabInternal: {fileID: 0}
  m_GameObject: {fileID: 948977541}
  m_LocalRotation: {x: -.707106829, y: 0, z: 0, w: .707106829}
  m_LocalPosition: {x: -2.69151402, y: -15.8628464, z: -15.833045}
  m_LocalScale: {x: 1, y: 1, z: 1}
  m_Children: []
  m_Father: {fileID: 0}
--- !u!1 &1034786188
GameObject:
  m_ObjectHideFlags: 0
  m_PrefabParentObject: {fileID: 100000, guid: 9942a2f7fd3e7b947bb6d3f1dfed4d00, type: 3}
  m_PrefabInternal: {fileID: 1061676523}
  serializedVersion: 4
  m_Component:
  - 4: {fileID: 1034786189}
  - 33: {fileID: 1034786192}
  - 23: {fileID: 1034786191}
  - 64: {fileID: 1034786190}
  m_Layer: 0
  m_Name: Box001
  m_TagString: Untagged
  m_Icon: {fileID: 0}
  m_NavMeshLayer: 0
  m_StaticEditorFlags: 0
  m_IsActive: 0
--- !u!4 &1034786189
Transform:
  m_ObjectHideFlags: 0
  m_PrefabParentObject: {fileID: 400000, guid: 9942a2f7fd3e7b947bb6d3f1dfed4d00, type: 3}
  m_PrefabInternal: {fileID: 1061676523}
  m_GameObject: {fileID: 1034786188}
  m_LocalRotation: {x: -.707106829, y: 0, z: -0, w: .707106829}
  m_LocalPosition: {x: -.000151432614, y: .00420999946, z: -.00144995598}
  m_LocalScale: {x: .0286694113, y: .0276300274, z: .00581723498}
  m_Children: []
  m_Father: {fileID: 12541093}
--- !u!64 &1034786190
MeshCollider:
  m_ObjectHideFlags: 0
  m_PrefabParentObject: {fileID: 6400000, guid: 9942a2f7fd3e7b947bb6d3f1dfed4d00,
    type: 3}
  m_PrefabInternal: {fileID: 1061676523}
  m_GameObject: {fileID: 1034786188}
  m_Material: {fileID: 0}
  m_IsTrigger: 0
  m_Enabled: 1
  serializedVersion: 2
  m_SmoothSphereCollisions: 0
  m_Convex: 0
  m_Mesh: {fileID: 4300008, guid: 9942a2f7fd3e7b947bb6d3f1dfed4d00, type: 3}
--- !u!23 &1034786191
Renderer:
  m_ObjectHideFlags: 0
  m_PrefabParentObject: {fileID: 2300000, guid: 9942a2f7fd3e7b947bb6d3f1dfed4d00,
    type: 3}
  m_PrefabInternal: {fileID: 1061676523}
  m_GameObject: {fileID: 1034786188}
  m_Enabled: 0
  m_CastShadows: 1
  m_ReceiveShadows: 1
  m_LightmapIndex: 255
  m_LightmapTilingOffset: {x: 1, y: 1, z: 0, w: 0}
  m_Materials:
  - {fileID: 2100000, guid: ecf97c777be3af244b40e9e55c06001f, type: 2}
  m_SubsetIndices: 
  m_StaticBatchRoot: {fileID: 0}
  m_UseLightProbes: 0
  m_LightProbeAnchor: {fileID: 0}
  m_ScaleInLightmap: 1
  m_SortingLayer: 0
  m_SortingOrder: 0
  m_SortingLayerID: 0
--- !u!33 &1034786192
MeshFilter:
  m_ObjectHideFlags: 0
  m_PrefabParentObject: {fileID: 3300000, guid: 9942a2f7fd3e7b947bb6d3f1dfed4d00,
    type: 3}
  m_PrefabInternal: {fileID: 1061676523}
  m_GameObject: {fileID: 1034786188}
  m_Mesh: {fileID: 4300008, guid: 9942a2f7fd3e7b947bb6d3f1dfed4d00, type: 3}
--- !u!1001 &1061676523
Prefab:
  m_ObjectHideFlags: 0
  serializedVersion: 2
  m_Modification:
    m_TransformParent: {fileID: 0}
    m_Modifications:
    - target: {fileID: 400002, guid: 9942a2f7fd3e7b947bb6d3f1dfed4d00, type: 3}
      propertyPath: m_LocalPosition.x
      value: 0
      objectReference: {fileID: 0}
    - target: {fileID: 400002, guid: 9942a2f7fd3e7b947bb6d3f1dfed4d00, type: 3}
      propertyPath: m_LocalPosition.y
      value: 0
      objectReference: {fileID: 0}
    - target: {fileID: 400002, guid: 9942a2f7fd3e7b947bb6d3f1dfed4d00, type: 3}
      propertyPath: m_LocalPosition.z
      value: 0
      objectReference: {fileID: 0}
    - target: {fileID: 400002, guid: 9942a2f7fd3e7b947bb6d3f1dfed4d00, type: 3}
      propertyPath: m_LocalRotation.x
      value: 0
      objectReference: {fileID: 0}
    - target: {fileID: 400002, guid: 9942a2f7fd3e7b947bb6d3f1dfed4d00, type: 3}
      propertyPath: m_LocalRotation.y
      value: 0
      objectReference: {fileID: 0}
    - target: {fileID: 400002, guid: 9942a2f7fd3e7b947bb6d3f1dfed4d00, type: 3}
      propertyPath: m_LocalRotation.z
      value: 0
      objectReference: {fileID: 0}
    - target: {fileID: 400002, guid: 9942a2f7fd3e7b947bb6d3f1dfed4d00, type: 3}
      propertyPath: m_LocalRotation.w
      value: 1
      objectReference: {fileID: 0}
    - target: {fileID: 400002, guid: 9942a2f7fd3e7b947bb6d3f1dfed4d00, type: 3}
      propertyPath: m_LocalScale.x
      value: 2236.26733
      objectReference: {fileID: 0}
    - target: {fileID: 400002, guid: 9942a2f7fd3e7b947bb6d3f1dfed4d00, type: 3}
      propertyPath: m_LocalScale.y
      value: 1511.46484
      objectReference: {fileID: 0}
    - target: {fileID: 400002, guid: 9942a2f7fd3e7b947bb6d3f1dfed4d00, type: 3}
      propertyPath: m_LocalScale.z
      value: 2768.24292
      objectReference: {fileID: 0}
    - target: {fileID: 6400006, guid: 9942a2f7fd3e7b947bb6d3f1dfed4d00, type: 3}
      propertyPath: m_Convex
      value: 0
      objectReference: {fileID: 0}
    - target: {fileID: 6400004, guid: 9942a2f7fd3e7b947bb6d3f1dfed4d00, type: 3}
      propertyPath: m_Convex
      value: 0
      objectReference: {fileID: 0}
    - target: {fileID: 6400002, guid: 9942a2f7fd3e7b947bb6d3f1dfed4d00, type: 3}
      propertyPath: m_Convex
      value: 0
      objectReference: {fileID: 0}
    - target: {fileID: 2300000, guid: 9942a2f7fd3e7b947bb6d3f1dfed4d00, type: 3}
      propertyPath: m_Enabled
      value: 0
      objectReference: {fileID: 0}
    - target: {fileID: 100010, guid: 9942a2f7fd3e7b947bb6d3f1dfed4d00, type: 3}
      propertyPath: m_TagString
      value: Floor
      objectReference: {fileID: 0}
    - target: {fileID: 100004, guid: 9942a2f7fd3e7b947bb6d3f1dfed4d00, type: 3}
      propertyPath: m_TagString
      value: Wall
      objectReference: {fileID: 0}
    - target: {fileID: 100006, guid: 9942a2f7fd3e7b947bb6d3f1dfed4d00, type: 3}
      propertyPath: m_TagString
      value: Wall
      objectReference: {fileID: 0}
    - target: {fileID: 100008, guid: 9942a2f7fd3e7b947bb6d3f1dfed4d00, type: 3}
      propertyPath: m_TagString
      value: Wall
      objectReference: {fileID: 0}
    - target: {fileID: 100002, guid: 9942a2f7fd3e7b947bb6d3f1dfed4d00, type: 3}
      propertyPath: m_TagString
      value: Untagged
      objectReference: {fileID: 0}
    - target: {fileID: 6400002, guid: 9942a2f7fd3e7b947bb6d3f1dfed4d00, type: 3}
      propertyPath: m_Enabled
      value: 1
      objectReference: {fileID: 0}
    - target: {fileID: 2300002, guid: 9942a2f7fd3e7b947bb6d3f1dfed4d00, type: 3}
      propertyPath: m_Enabled
      value: 1
      objectReference: {fileID: 0}
    - target: {fileID: 100000, guid: 9942a2f7fd3e7b947bb6d3f1dfed4d00, type: 3}
      propertyPath: m_IsActive
      value: 0
      objectReference: {fileID: 0}
    m_RemovedComponents: []
  m_ParentPrefab: {fileID: 100100000, guid: 9942a2f7fd3e7b947bb6d3f1dfed4d00, type: 3}
  m_RootGameObject: {fileID: 12541092}
  m_IsPrefabParent: 0
  m_IsExploded: 1
--- !u!1 &1374663392
GameObject:
  m_ObjectHideFlags: 0
  m_PrefabParentObject: {fileID: 100010, guid: 9942a2f7fd3e7b947bb6d3f1dfed4d00, type: 3}
  m_PrefabInternal: {fileID: 1061676523}
  serializedVersion: 4
  m_Component:
  - 4: {fileID: 1374663393}
  - 33: {fileID: 1374663396}
  - 23: {fileID: 1374663395}
  - 64: {fileID: 1374663394}
  m_Layer: 0
  m_Name: Plane001
  m_TagString: Floor
  m_Icon: {fileID: 0}
  m_NavMeshLayer: 0
  m_StaticEditorFlags: 0
  m_IsActive: 1
--- !u!4 &1374663393
Transform:
  m_ObjectHideFlags: 0
  m_PrefabParentObject: {fileID: 400010, guid: 9942a2f7fd3e7b947bb6d3f1dfed4d00, type: 3}
  m_PrefabInternal: {fileID: 1061676523}
  m_GameObject: {fileID: 1374663392}
  m_LocalRotation: {x: -.707106829, y: 0, z: -0, w: .707106829}
  m_LocalPosition: {x: 1.43542593e-05, y: 0, z: -.00170245639}
  m_LocalScale: {x: .0765667185, y: .0830594301, z: .0305866934}
  m_Children: []
  m_Father: {fileID: 12541093}
--- !u!64 &1374663394
MeshCollider:
  m_ObjectHideFlags: 0
  m_PrefabParentObject: {fileID: 6400008, guid: 9942a2f7fd3e7b947bb6d3f1dfed4d00,
    type: 3}
  m_PrefabInternal: {fileID: 1061676523}
  m_GameObject: {fileID: 1374663392}
  m_Material: {fileID: 0}
  m_IsTrigger: 0
  m_Enabled: 1
  serializedVersion: 2
  m_SmoothSphereCollisions: 0
  m_Convex: 0
  m_Mesh: {fileID: 4300002, guid: 9942a2f7fd3e7b947bb6d3f1dfed4d00, type: 3}
--- !u!23 &1374663395
Renderer:
  m_ObjectHideFlags: 0
  m_PrefabParentObject: {fileID: 2300008, guid: 9942a2f7fd3e7b947bb6d3f1dfed4d00,
    type: 3}
  m_PrefabInternal: {fileID: 1061676523}
  m_GameObject: {fileID: 1374663392}
  m_Enabled: 1
  m_CastShadows: 1
  m_ReceiveShadows: 1
  m_LightmapIndex: 255
  m_LightmapTilingOffset: {x: 1, y: 1, z: 0, w: 0}
  m_Materials:
  - {fileID: 2100000, guid: de3d9a23a2240fa4c88bf37d098e0104, type: 2}
  m_SubsetIndices: 
  m_StaticBatchRoot: {fileID: 0}
  m_UseLightProbes: 0
  m_LightProbeAnchor: {fileID: 0}
  m_ScaleInLightmap: 1
  m_SortingLayer: 0
  m_SortingOrder: 0
  m_SortingLayerID: 0
--- !u!33 &1374663396
MeshFilter:
  m_ObjectHideFlags: 0
  m_PrefabParentObject: {fileID: 3300008, guid: 9942a2f7fd3e7b947bb6d3f1dfed4d00,
    type: 3}
  m_PrefabInternal: {fileID: 1061676523}
  m_GameObject: {fileID: 1374663392}
  m_Mesh: {fileID: 4300002, guid: 9942a2f7fd3e7b947bb6d3f1dfed4d00, type: 3}
--- !u!1 &1638151169
GameObject:
  m_ObjectHideFlags: 0
  m_PrefabParentObject: {fileID: 0}
  m_PrefabInternal: {fileID: 0}
  serializedVersion: 4
  m_Component:
  - 4: {fileID: 1638151172}
  - 114: {fileID: 1638151171}
  - 54: {fileID: 1638151170}
  m_Layer: 0
  m_Name: NodeBuilder
  m_TagString: Untagged
  m_Icon: {fileID: 0}
  m_NavMeshLayer: 0
  m_StaticEditorFlags: 0
  m_IsActive: 1
--- !u!54 &1638151170
Rigidbody:
  m_ObjectHideFlags: 0
  m_PrefabParentObject: {fileID: 0}
  m_PrefabInternal: {fileID: 0}
  m_GameObject: {fileID: 1638151169}
  serializedVersion: 2
  m_Mass: 1.00000001e-07
  m_Drag: 0
  m_AngularDrag: .0500000007
  m_UseGravity: 0
  m_IsKinematic: 0
  m_Interpolate: 0
  m_Constraints: 112
  m_CollisionDetection: 0
--- !u!114 &1638151171
MonoBehaviour:
  m_ObjectHideFlags: 0
  m_PrefabParentObject: {fileID: 0}
  m_PrefabInternal: {fileID: 0}
  m_GameObject: {fileID: 1638151169}
  m_Enabled: 1
  m_EditorHideFlags: 0
  m_Script: {fileID: 11500000, guid: bfd89bf6272ee6145878d9a6abbe5199, type: 3}
  m_Name: 
  m_EditorClassIdentifier: 
  monster: {fileID: 0}
  player: {fileID: 825804740}
  handler: {fileID: 2053553920}
  xNodesPerRow: 40
  zNodesPerRow: 20
--- !u!4 &1638151172
Transform:
  m_ObjectHideFlags: 0
  m_PrefabParentObject: {fileID: 0}
  m_PrefabInternal: {fileID: 0}
  m_GameObject: {fileID: 1638151169}
  m_LocalRotation: {x: 0, y: 0, z: 0, w: 1}
  m_LocalPosition: {x: -1.89265251, y: 4.4982872, z: -1.44995594}
  m_LocalScale: {x: 1, y: 1, z: 1}
  m_Children: []
  m_Father: {fileID: 0}
--- !u!1 &1741678154
GameObject:
  m_ObjectHideFlags: 0
  m_PrefabParentObject: {fileID: 0}
  m_PrefabInternal: {fileID: 0}
  serializedVersion: 4
  m_Component:
  - 4: {fileID: 1741678156}
  - 108: {fileID: 1741678155}
  m_Layer: 0
  m_Name: Point light
  m_TagString: Untagged
  m_Icon: {fileID: 0}
  m_NavMeshLayer: 0
  m_StaticEditorFlags: 0
  m_IsActive: 1
--- !u!108 &1741678155
Light:
  m_ObjectHideFlags: 0
  m_PrefabParentObject: {fileID: 0}
  m_PrefabInternal: {fileID: 0}
  m_GameObject: {fileID: 1741678154}
  m_Enabled: 1
  serializedVersion: 3
  m_Type: 2
  m_Color: {r: 1, g: 1, b: 1, a: 1}
  m_Intensity: 2.1099999
  m_Range: 372.145966
  m_SpotAngle: 30
  m_CookieSize: 10
  m_Shadows:
    m_Type: 0
    m_Resolution: -1
    m_Strength: 1
    m_Bias: .0500000007
    m_Softness: 4
    m_SoftnessFade: 1
  m_Cookie: {fileID: 0}
  m_DrawHalo: 0
  m_ActuallyLightmapped: 0
  m_Flare: {fileID: 0}
  m_RenderMode: 0
  m_CullingMask:
    serializedVersion: 2
    m_Bits: 4294967295
  m_Lightmapping: 1
  m_ShadowSamples: 1
  m_ShadowRadius: 0
  m_ShadowAngle: 0
  m_IndirectIntensity: 1
  m_AreaSize: {x: 1, y: 1}
--- !u!4 &1741678156
Transform:
  m_ObjectHideFlags: 0
  m_PrefabParentObject: {fileID: 0}
  m_PrefabInternal: {fileID: 0}
  m_GameObject: {fileID: 1741678154}
  m_LocalRotation: {x: 0, y: 0, z: 0, w: 1}
  m_LocalPosition: {x: 25.1954861, y: 45.5610847, z: 3.17150116}
  m_LocalScale: {x: 1, y: 1, z: 1}
  m_Children: []
  m_Father: {fileID: 0}
--- !u!1 &1850539616
GameObject:
  m_ObjectHideFlags: 0
  m_PrefabParentObject: {fileID: 0}
  m_PrefabInternal: {fileID: 0}
  serializedVersion: 4
  m_Component:
  - 4: {fileID: 1850539620}
  - 33: {fileID: 1850539619}
  - 64: {fileID: 1850539618}
  - 23: {fileID: 1850539617}
  m_Layer: 0
  m_Name: Floor
  m_TagString: Floor
  m_Icon: {fileID: 0}
  m_NavMeshLayer: 0
  m_StaticEditorFlags: 0
  m_IsActive: 1
--- !u!23 &1850539617
Renderer:
  m_ObjectHideFlags: 0
  m_PrefabParentObject: {fileID: 0}
  m_PrefabInternal: {fileID: 0}
  m_GameObject: {fileID: 1850539616}
  m_Enabled: 1
  m_CastShadows: 1
  m_ReceiveShadows: 1
  m_LightmapIndex: 255
  m_LightmapTilingOffset: {x: 1, y: 1, z: 0, w: 0}
  m_Materials:
  - {fileID: 2100000, guid: 23088f009fe59aa48bd1215eb84a47e4, type: 2}
  m_SubsetIndices: 
  m_StaticBatchRoot: {fileID: 0}
  m_UseLightProbes: 0
  m_LightProbeAnchor: {fileID: 0}
  m_ScaleInLightmap: 1
  m_SortingLayer: 0
  m_SortingOrder: 0
  m_SortingLayerID: 0
--- !u!64 &1850539618
MeshCollider:
  m_ObjectHideFlags: 0
  m_PrefabParentObject: {fileID: 0}
  m_PrefabInternal: {fileID: 0}
  m_GameObject: {fileID: 1850539616}
  m_Material: {fileID: 0}
  m_IsTrigger: 0
  m_Enabled: 1
  serializedVersion: 2
  m_SmoothSphereCollisions: 0
  m_Convex: 0
  m_Mesh: {fileID: 10209, guid: 0000000000000000e000000000000000, type: 0}
--- !u!33 &1850539619
MeshFilter:
  m_ObjectHideFlags: 0
  m_PrefabParentObject: {fileID: 0}
  m_PrefabInternal: {fileID: 0}
  m_GameObject: {fileID: 1850539616}
  m_Mesh: {fileID: 10209, guid: 0000000000000000e000000000000000, type: 0}
--- !u!4 &1850539620
Transform:
  m_ObjectHideFlags: 0
  m_PrefabParentObject: {fileID: 0}
  m_PrefabInternal: {fileID: 0}
  m_GameObject: {fileID: 1850539616}
  m_LocalRotation: {x: 0, y: 0, z: 0, w: 1}
  m_LocalPosition: {x: 1, y: .999401093, z: 1}
  m_LocalScale: {x: 100, y: 100, z: 100}
  m_Children: []
  m_Father: {fileID: 0}
--- !u!1 &1977239174
GameObject:
  m_ObjectHideFlags: 0
  m_PrefabParentObject: {fileID: 0}
  m_PrefabInternal: {fileID: 0}
  serializedVersion: 4
  m_Component:
  - 4: {fileID: 1977239175}
  - 20: {fileID: 1977239179}
  - 124: {fileID: 1977239178}
  - 92: {fileID: 1977239177}
  - 81: {fileID: 1977239176}
  - 114: {fileID: 1977239180}
  m_Layer: 8
  m_Name: GlowCam
  m_TagString: GlowCamera
  m_Icon: {fileID: 0}
  m_NavMeshLayer: 0
  m_StaticEditorFlags: 0
  m_IsActive: 0
--- !u!4 &1977239175
Transform:
  m_ObjectHideFlags: 0
  m_PrefabParentObject: {fileID: 0}
  m_PrefabInternal: {fileID: 0}
  m_GameObject: {fileID: 1977239174}
  m_LocalRotation: {x: 0, y: 0, z: 0, w: 1}
  m_LocalPosition: {x: 0, y: 0, z: 0}
  m_LocalScale: {x: 1, y: 1, z: 1}
  m_Children: []
  m_Father: {fileID: 527290269}
--- !u!81 &1977239176
AudioListener:
  m_ObjectHideFlags: 0
  m_PrefabParentObject: {fileID: 0}
  m_PrefabInternal: {fileID: 0}
  m_GameObject: {fileID: 1977239174}
  m_Enabled: 1
--- !u!92 &1977239177
Behaviour:
  m_ObjectHideFlags: 0
  m_PrefabParentObject: {fileID: 0}
  m_PrefabInternal: {fileID: 0}
  m_GameObject: {fileID: 1977239174}
  m_Enabled: 1
--- !u!124 &1977239178
Behaviour:
  m_ObjectHideFlags: 0
  m_PrefabParentObject: {fileID: 0}
  m_PrefabInternal: {fileID: 0}
  m_GameObject: {fileID: 1977239174}
  m_Enabled: 1
--- !u!20 &1977239179
Camera:
  m_ObjectHideFlags: 0
  m_PrefabParentObject: {fileID: 0}
  m_PrefabInternal: {fileID: 0}
  m_GameObject: {fileID: 1977239174}
  m_Enabled: 1
  serializedVersion: 2
  m_ClearFlags: 1
  m_BackGroundColor: {r: 0, g: 0, b: 0, a: 0}
  m_NormalizedViewPortRect:
    serializedVersion: 2
    x: 0
    y: 0
    width: 1
    height: 1
  near clip plane: .300000012
  far clip plane: 1000
  field of view: 60
  orthographic: 0
  orthographic size: 5
  m_Depth: 0
  m_CullingMask:
    serializedVersion: 2
    m_Bits: 256
  m_RenderingPath: -1
  m_TargetTexture: {fileID: 0}
  m_HDR: 0
  m_OcclusionCulling: 1
--- !u!114 &1977239180
MonoBehaviour:
  m_ObjectHideFlags: 0
  m_PrefabParentObject: {fileID: 0}
  m_PrefabInternal: {fileID: 0}
  m_GameObject: {fileID: 1977239174}
  m_Enabled: 1
  m_EditorHideFlags: 0
  m_Script: {fileID: 11500000, guid: 6655760dc5b4d354280993c8156b767d, type: 3}
  m_Name: 
  m_EditorClassIdentifier: 
  glowShader: {fileID: 4800000, guid: 5af386f0ae79270428d88c86539043ca, type: 3}
--- !u!1 &2025556717
GameObject:
  m_ObjectHideFlags: 0
  m_PrefabParentObject: {fileID: 0}
  m_PrefabInternal: {fileID: 0}
  serializedVersion: 4
  m_Component:
  - 4: {fileID: 2025556720}
  - 132: {fileID: 2025556719}
  - 114: {fileID: 2025556718}
  m_Layer: 0
  m_Name: FPS Counter
  m_TagString: Untagged
  m_Icon: {fileID: 0}
  m_NavMeshLayer: 0
  m_StaticEditorFlags: 0
  m_IsActive: 1
--- !u!114 &2025556718
MonoBehaviour:
  m_ObjectHideFlags: 0
  m_PrefabParentObject: {fileID: 0}
  m_PrefabInternal: {fileID: 0}
  m_GameObject: {fileID: 2025556717}
  m_Enabled: 1
  m_EditorHideFlags: 0
  m_Script: {fileID: 11500000, guid: 59ec9d29b67f9de4296f691535f4167a, type: 3}
  m_Name: 
  m_EditorClassIdentifier: 
--- !u!132 &2025556719
GUIText:
  m_ObjectHideFlags: 0
  m_PrefabParentObject: {fileID: 0}
  m_PrefabInternal: {fileID: 0}
  m_GameObject: {fileID: 2025556717}
  m_Enabled: 1
  serializedVersion: 3
  m_Text: Gui Text
  m_Anchor: 0
  m_Alignment: 0
  m_PixelOffset: {x: 0, y: 0}
  m_LineSpacing: 1
  m_TabSize: 4
  m_Font: {fileID: 10102, guid: 0000000000000000e000000000000000, type: 0}
  m_Material: {fileID: 0}
  m_FontSize: 0
  m_FontStyle: 0
  m_Color:
    serializedVersion: 2
    rgba: 4294967295
  m_PixelCorrect: 1
  m_RichText: 1
--- !u!4 &2025556720
Transform:
  m_ObjectHideFlags: 0
  m_PrefabParentObject: {fileID: 0}
  m_PrefabInternal: {fileID: 0}
  m_GameObject: {fileID: 2025556717}
  m_LocalRotation: {x: 0, y: 0, z: 0, w: 1}
  m_LocalPosition: {x: 0, y: 1, z: 0}
  m_LocalScale: {x: 1, y: 1, z: 1}
  m_Children: []
  m_Father: {fileID: 0}
--- !u!1 &2053553919
GameObject:
  m_ObjectHideFlags: 0
  m_PrefabParentObject: {fileID: 0}
  m_PrefabInternal: {fileID: 0}
  serializedVersion: 4
  m_Component:
  - 4: {fileID: 2053553921}
  - 114: {fileID: 2053553920}
  m_Layer: 0
  m_Name: Data Handler
  m_TagString: Untagged
  m_Icon: {fileID: 0}
  m_NavMeshLayer: 0
  m_StaticEditorFlags: 0
  m_IsActive: 1
--- !u!114 &2053553920
MonoBehaviour:
  m_ObjectHideFlags: 0
  m_PrefabParentObject: {fileID: 0}
  m_PrefabInternal: {fileID: 0}
  m_GameObject: {fileID: 2053553919}
  m_Enabled: 1
  m_EditorHideFlags: 0
  m_Script: {fileID: 11500000, guid: fcd1e23439683ff4db6a9ec9114a525e, type: 3}
  m_Name: 
  m_EditorClassIdentifier: 
  builder: {fileID: 1638151171}
  monster: {fileID: 0}
  player: {fileID: 825804740}
--- !u!4 &2053553921
Transform:
  m_ObjectHideFlags: 0
  m_PrefabParentObject: {fileID: 0}
  m_PrefabInternal: {fileID: 0}
  m_GameObject: {fileID: 2053553919}
  m_LocalRotation: {x: 0, y: 0, z: 0, w: 1}
  m_LocalPosition: {x: -.523190498, y: 1.77762985, z: 57.1370316}
  m_LocalScale: {x: 1, y: 1, z: 1}
  m_Children: []
  m_Father: {fileID: 0}
